@inproceedings{ecos,
  title={ECOS: An SOCP solver for embedded systems},
  author={Domahidi, Alexander and Chu, Eric and Boyd, Stephen},
  booktitle={Control Conference (ECC), 2013 European},
  pages={3071--3076},
  year={2013},
  organization={IEEE}
}

@book{BoydConvexBook,
  title={Convex optimization},
  author={Boyd, Stephen and Vandenberghe, Lieven},
  year={2004},
  publisher={Cambridge university press}
}


@article{ChebyPS,
  title={Direct trajectory optimization by a Chebyshev pseudospectral method},
  author={Fahroo, Fariba and Ross, I Michael},
  journal={Journal of Guidance, Control, and Dynamics},
  volume={25},
  number={1},
  pages={160--166},
  year={2002}
}

@inproceedings{WangConvexTraj,
  title={Constrained trajectory optimization for planetary entry via sequential convex programming},
  author={Wang, Zhenbo and Grant, Michael J},
  booktitle={AIAA Atmospheric Flight Mechanics Conference},
  pages={3241},
  year={2016}
}

@article{ConvexDescent,
  title={Convex programming approach to powered descent guidance for mars landing},
  author={Acikmese, Behcet and Ploen, Scott R},
  journal={Journal of Guidance, Control, and Dynamics},
  volume={30},
  number={5},
  pages={1353--1366},
  year={2007}
}

@article{PS_ConvexAscent,
  title={Efficient ascent trajectory optimization using convex models based on the Newton--Kantorovich/Pseudospectral approach},
  author={Cheng, Xiaoming and Li, Huifeng and Zhang, Ran},
  journal={Aerospace Science and Technology},
  volume={66},
  pages={140--151},
  year={2017},
  publisher={Elsevier}
}

@article{GPOPS2,
  title={GPOPS-II: A MATLAB software for solving multiple-phase optimal control problems using hp-adaptive Gaussian quadrature collocation methods and sparse nonlinear programming},
  author={Patterson, Michael A and Rao, Anil V},
  journal={ACM Transactions on Mathematical Software (TOMS)},
  volume={41},
  number={1},
  pages={1},
  year={2014},
  publisher={ACM}
}

@incollection{SeqconProg,
  title={Local convergence of sequential convex programming for nonconvex optimization},
  author={Dinh, Quoc Tran and Diehl, Moritz},
  booktitle={Recent Advances in Optimization and its Applications in Engineering},
  pages={93--102},
  year={2010},
  publisher={Springer}
}

@inproceedings{SuccConvex1,
  title={Successive convexification of non-convex optimal control problems and its convergence properties},
  author={Mao, Yuanqi and Szmuk, Michael and A{\c{c}}{\i}kme{\c{s}}e, Beh{\c{c}}et},
  booktitle={Decision and Control (CDC), 2016 IEEE 55th Conference on},
  pages={3636--3641},
  year={2016},
  organization={IEEE}
}

@article{SuccConvex2,
  title={Successive convexification of non-convex optimal control problems with state constraints},
  author={Mao, Yuanqi and Dueri, Daniel and Szmuk, Michael and A{\c{c}}{\i}kme{\c{s}}e, Beh{\c{c}}et},
  journal={IFAC-PapersOnLine},
  volume={50},
  number={1},
  pages={4063--4069},
  year={2017},
  publisher={Elsevier}
}

@inproceedings{GuangfeiReplanning,
  title={Trajectory tracking and online replanning for Mars entry},
  author={Duan, Guangfei and Rovira Navarro, Marc and Mease, Kenneth D},
  booktitle={AIAA/AAS Astrodynamics Specialist Conference},
  pages={5444},
  year={2016}
}

@inproceedings{ETPC,
  title={Guidance design for mars smart landers using the entry terminal point controller},
  author={Mendeck, Gavin and Carman, Gilbert},
  booktitle={AIAA Atmospheric Flight Mechanics Conference and Exhibit},
  pages={4502},
  year={2002}
}

@inproceedings{Apollo,
  title={Apollo-derived Mars precision lander guidance},
  author={Ives, Dallas and Geller, David and Carman, Gilbert},
  booktitle={23rd atmospheric flight mechanics conference},
  pages={4570},
  year={1998}
}

@article{MSL2006Striepe,
  title={Mars science laboratory simulations for entry, descent, and landing},
  author={Striepe, Scott A and Way, DW and Dwyer, AM and Balaram, J},
  journal={Journal of Spacecraft and Rockets},
  volume={43},
  number={2},
  pages={311--323},
  year={2006}
}

@inproceedings{MSL2007Way,
  title={Mars Science Laboratory: Entry, descent, and landing system performance},
  author={Way, David W and Powell, Richard W and Chen, Allen and Steltzner, Adam D and San Martin, A Miguel and Burkhart, P Daniel and Mendeck, Gavin F},
  booktitle={Aerospace Conference, 2007 IEEE},
  pages={1--19},
  year={2007},
  organization={IEEE}
}

@inproceedings{TriggerComparison2020,
  title={Comparison of the Effects of Velocity and Range Triggers on Trajectory Dispersions for the Mars 2020 Mission},
  author={Dutta, Soumyo and Way, David W},
  booktitle={AIAA Atmospheric Flight Mechanics Conference},
  pages={0245},
  year={2017}
}

@article{PredictorCorrectorTracking,
  title={Mars entry guidance based on segmented guidance predictor--corrector algorithm},
  author={Xia, Yuanqing and Shen, Ganghui and Zhou, Liuyu and Sun, Haoran},
  journal={Control Engineering Practice},
  volume={45},
  pages={79--85},
  year={2015},
  publisher={Elsevier}
}

@inproceedings{PredictorCorrectorTracking2,
  title={Entry guidance by onboard trajectory planning and tracking},
  author={Webb, Kyle D and Lu, Ping},
  booktitle={AIAA Atmospheric Flight Mechanics Conference},
  pages={0279},
  year={2016}
}

@article{PS_ConvexDescent,
  title={Pseudospectral Convex Optimization for Powered Descent and Landing},
  author={Sagliano, Marco},
  journal={Journal of Guidance, Control, and Dynamics},
  volume={41},
  number={2},
  pages={320--334},
  year={2017},
  publisher={American Institute of Aeronautics and Astronautics}
}

@inproceedings{HP_PS_ConvexDescent,
  title={Generalized hp Pseudospectral Convex Programming for Powered Descent and Landing},
  author={Sagliano, Marco},
  booktitle={2018 AIAA Guidance, Navigation, and Control Conference},
  pages={1870},
  year={2018}
}

@inproceedings{benito2008nonlinear,
  title={Nonlinear predictive controller for drag tracking in entry guidance},
  author={Benito, Joel and Mease, Kenneth},
  booktitle={AIAA/AAS Astrodynamics Specialist Conference and Exhibit},
  pages={7350},
  year={2008}
}

@article{lu2008predictor,
  title={Predictor-corrector entry guidance for low-lifting vehicles},
  author={Lu, Ping},
  journal={Journal of Guidance, Control, and Dynamics},
  volume={31},
  number={4},
  pages={1067--1075},
  year={2008}
}

@article{lu2014entry,
  title={Entry guidance: a unified method},
  author={Lu, Ping},
  journal={Journal of Guidance, Control, and Dynamics},
  volume={37},
  number={3},
  pages={713--728},
  year={2014},
  publisher={American Institute of Aeronautics and Astronautics}
}

@inproceedings{sagliano2018optimal,
  title={Optimal Drag-Energy Entry Guidance via Pseudospectral Convex Optimization},
  author={Sagliano, Marco and Mooij, Erwin},
  booktitle={2018 AIAA Guidance, Navigation, and Control Conference},
  pages={1315},
  year={2018}
}

@article{darby2011hp,
  title={An hp-adaptive pseudospectral method for solving optimal control problems},
  author={Darby, Christopher L and Hager, William W and Rao, Anil V},
  journal={Optimal Control Applications and Methods},
  volume={32},
  number={4},
  pages={476--502},
  year={2011},
  publisher={Wiley Online Library}
}

@article{MarsGRAM2010User,
  title={Mars Global Reference Atmospheric Model 2010 Version: Users Guide},
  author={Justh, HL},
  year={2014}
}

@article{MarsGRAM2010,
  title={Mars-GRAM 2010: improving the precision of Mars-GRAM},
  author={Justh, HL and Justus, CG and Ramey, HS},
  year={2011}
}

@inproceedings{wang2018convex,
  title={A Convex Approach to Minimum-Time Low-Thrust Trajectory Optimization},
  author={Wang, Zhenbo and Grant, Michael J},
  booktitle={2018 AIAA Guidance, Navigation, and Control Conference},
  pages={1577},
  year={2018}
}

@article{SparsePCE,
	title={A weighted â„“1-minimization approach for sparse polynomial chaos expansions},
	author={Peng, Ji and Hampton, Jerrad and Doostan, Alireza},
	journal={Journal of Computational Physics},
	volume={267},
	pages={92--111},
	year={2014},
	publisher={Elsevier}
}

@inproceedings{SVM,
	title={1-norm support vector machines},
	author={Zhu, Ji and Rosset, Saharon and Tibshirani, Robert and Hastie, Trevor J},
	booktitle={Advances in neural information processing systems},
	pages={49--56},
	year={2004}
}

@article{CompressedSensing,
	title={Bregman iterative algorithms for $\backslash$ell\_1-minimization with applications to compressed sensing},
	author={Yin, Wotao and Osher, Stanley and Goldfarb, Donald and Darbon, Jerome},
	journal={SIAM Journal on Imaging sciences},
	volume={1},
	number={1},
	pages={143--168},
	year={2008},
	publisher={SIAM}
}

@article{MaxCrossrangeConvexLu,
  title={Solving the maximum-crossrange problem via successive second-order cone programming with a line search},
  author={Liu, Xinfu and Shen, Zuojun and Lu, Ping},
  journal={Aerospace Science and Technology},
  volume={47},
  pages={10--20},
  year={2015},
  publisher={Elsevier}
}

@article{PropellantOptimalAdaptiveTrigger,
  title={Propellant-optimal powered descent guidance},
  author={Lu, Ping},
  journal={Journal of Guidance, Control, and Dynamics},
  volume={41},
  number={4},
  pages={813--826},
  year={2018},
  publisher={American Institute of Aeronautics and Astronautics}
}

@inproceedings{LuAdaptiveEDL,
  title={Adaptive powered descent initiation and fuel-optimal guidance for Mars applications},
  author={Lu, Ping and Sostaric, Ronald R and Mendeck, Gavin F},
  booktitle={2018 AIAA Guidance, Navigation, and Control Conference},
  pages={0616},
  year={2018}
}

@article{lu2018fuel,
  title={Fuel-Optimal and Apollo Powered Descent Guidance Compared for High-Mass Mars Mission},
  author={Lu, Ping},
  journal={Advances in the Astronautical Sciences},
  volume={164},
  pages={299--314},
  year={2018}
}

@article{MOSEK,
  title={The MOSEK optimization software},
  author={Mosek, APS},
  journal={Online at http://www. mosek. com},
  volume={54},
  number={2-1},
  pages={5},
  year={},
  }
  
@inproceedings{MSLReconstructionBraun,
  title={Mars entry, descent, and landing trajectory and atmosphere reconstruction},
  author={Dutta, Soumyo and Braun, Robert},
  booktitle={48th AIAA Aerospace Sciences Meeting Including the New Horizons Forum and Aerospace Exposition},
  pages={1210},
  year={2010}
}

@article{leavitt2007feasible,
  title={Feasible trajectory generation for atmospheric entry guidance},
  author={Leavitt, James A and Mease, Kenneth D},
  journal={Journal of guidance, control, and dynamics},
  volume={30},
  number={2},
  pages={473--481},
  year={2007}
}

@article{Mease2,
	title={Drag-based predictive tracking guidance for Mars precision landing},
	author={Tu, Kuang-Yang and Munir, Mohammad S and Mease, Kenneth D and Bayard, David S},
	journal={Journal of Guidance, Control, and Dynamics},
	volume={23},
	number={4},
	pages={620--628},
	year={2000}
}

@article{Mease1,
	title={Entry trajectory tracking law via feedback linearization},
	author={Bharadwaj, Sanjay and Rao, Anil V and Mease, Kenneth D},
	journal={Journal of Guidance, Control, and Dynamics},
	volume={21},
	number={5},
	pages={726--732},
	year={1998}
}

@article{RefTrajTracking,
	title={Mars atmospheric entry guidance for reference trajectory tracking},
	author={Dai, Juan and Xia, Yuanqing},
	journal={Aerospace Science and Technology},
	volume={45},
	pages={335--345},
	year={2015},
	publisher={Elsevier}
}

@article{jardin2001neighboring,
	title={Neighboring optimal aircraft guidance in winds},
	author={Jardin, Matthew R and Bryson, Arthur E},
	journal={Journal of Guidance, Control, and Dynamics},
	volume={24},
	number={4},
	pages={710--715},
	year={2001}
}

@book{bryson2018applied,
	title={Applied optimal control: optimization, estimation and control},
	author={Bryson, Arthur Earl},
	year={2018},
	publisher={Routledge}
}

@article{bryson1999dynamic,
	title={Dynamic optimization},
	author={Bryson, Arthur Earl},
	year={1999},
	publisher={Addison Wesley Longman Menlo Park, CA}
}

@inproceedings{HighElevation,
	title={Entry Trajectory Planner for High Elevation Mars Landing},
	author={Bombelli, A and Soler, L and Mease, K},
	booktitle={11th International Planetary Probe Workshop},
	volume={1795},
	year={2014}
}

@article{PCE_RS_CCOCP,
	title={The polynomial chaos approach for reachable set propagation with application to chance-constrained nonlinear optimal control under parametric uncertainties},
	author={Bergner, Lilli and Kirches, Christian},
	journal={Optimal Control Applications and Methods},
	volume={39},
	number={2},
	pages={471--488},
	year={2018},
	publisher={Wiley Online Library}
}

@article{darlington2000decreasing,
  title={Decreasing the sensitivity of open-loop optimal solutions in decision making under uncertainty},
  author={Darlington, John and Pantelides, Constantinos C and Rustem, Ber{\c{c}} and Tanyi, BA},
  journal={European Journal of Operational Research},
  volume={121},
  number={2},
  pages={343--362},
  year={2000},
  publisher={Elsevier}
}

@phdthesis{small2010optimal,
  title={Optimal trajectory-shaping with sensitivity and covariance techniques},
  author={Small, Todd Vincent},
  year={2010},
  school={Massachusetts Institute of Technology}
}

@phdthesis{saunders2012optimal,
  title={Optimal trajectory design under uncertainty},
  author={Saunders, Benjamin Robert},
  year={2012},
  school={Massachusetts Institute of Technology}
}

@article{fisher2011optimal,
  title={Optimal trajectory generation with probabilistic system uncertainty using polynomial chaos},
  author={Fisher, James and Bhattacharya, Raktim},
  journal={Journal of dynamic systems, measurement, and control},
  volume={133},
  number={1},
  pages={014501},
  year={2011},
  publisher={American Society of Mechanical Engineers}
}

@article{boutselis2017stochastic,
  title={Stochastic trajectory optimization for mechanical systems with parametric uncertainties},
  author={Boutselis, George I and Pan, Yunpeng and De La Tore, Gerardo and Theodorou, Evangelos A},
  journal={arXiv preprint arXiv:1705.05506},
  year={2017}
}

@article{manchester2017dirtrel,
  title={DIRTREL: Robust Trajectory Optimization with Ellipsoidal Disturbances and LQR Feedback},
  author={Manchester, Zachary and Kuindersma, Scott},
  journal={Robotics: Science and Systems (RSS), Cambridge, MA},
  year={2017}
}

@article{stoep1968trajectory,
  title={Trajectory shaping for the minimization of state-variable estimation errors},
  author={Stoep, DV},
  journal={IEEE Transactions on Automatic Control},
  volume={13},
  number={3},
  pages={284--286},
  year={1968},
  publisher={IEEE}
}

@article{loxton2011robust,
  title={Robust suboptimal control of nonlinear systems},
  author={Loxton, Ryan and Teo, Kok Lay and Rehbock, Volker},
  journal={Applied Mathematics and Computation},
  volume={217},
  number={14},
  pages={6566--6576},
  year={2011},
  publisher={Elsevier}
}

@article{seywald1996desensitized,
  title={Desensitized optimal trajectories},
  author={Seywald, Hans and Kumar, Renjith R},
  journal={Advances in the Astronautical Sciences},
  volume={93},
  number={1},
  pages={103--116},
  year={1996}
}

@article{topcuPoweredDescent,
  title={Minimum-fuel powered descent for mars pinpoint landing},
  author={Topcu, Ufuk and Casoliva, Jordi and Mease, Kenneth D},
  journal={Journal of Spacecraft and Rockets},
  volume={44},
  number={2},
  pages={324--331},
  year={2007}
}

@inproceedings{gfold_flighttests,
  title={Flight testing of trajectories computed by g-fold: Fuel optimal large divert guidance algorithm for planetary landing},
  author={Acikmese, Behcet and Aung, M and Casoliva, Jordi and Mohan, Swati and Johnson, Andrew and Scharf, Daniel and Masten, David and Scotkin, Joel and Wolf, Aron and Regehr, Martin W},
  booktitle={AAS/AIAA spaceflight mechanics meeting},
  year={2013}
}
@article{gfold,
  title={Convex programming approach to powered descent guidance for mars landing},
  author={Acikmese, Behcet and Ploen, Scott R},
  journal={Journal of Guidance, Control, and Dynamics},
  volume={30},
  number={5},
  pages={1353--1366},
  year={2007}
}

@article{apollo_lunar,
  title={Apollo lunar descent guidance},
  author={Klumpp, Allan R},
  journal={Automatica},
  volume={10},
  number={2},
  pages={133--146},
  year={1974},
  publisher={Elsevier}
}

@inproceedings{M2020_EDL,
  title={Mars 2020 Entry, Descent, and Landing System Overview},
  author={Nelessen, Adam and Sackier, Chloe and Clark, Ian and Brugarolas, Paul and Villar, Gregorio and Chen, Allen and Stehura, Aaron and Otero, Richard and Stilley, Erisa and Way, David and others},
  booktitle={2019 IEEE Aerospace Conference},
  pages={1--20},
  year={2019},
  organization={IEEE}
}

@article{MSL_EDL,
  title={The development of the MSL guidance, navigation, and control system for entry, descent, and landing},
  author={San Martin, A Miguel and Lee, Steven W and Wong, Edward C},
  year={2013},
  publisher={Pasadena, CA: Jet Propulsion Laboratory, National Aeronautics and Space~â€¦}
}

@inproceedings{BraunMarsEDL,
  title={Mars exploration entry, descent and landing challenges},
  author={Braun, Robert D and Manning, Robert M},
  booktitle={2006 IEEE Aerospace Conference},
  pages={18--pp},
  year={2006},
  organization={IEEE}
}

@book{joel_dissertation,
  title={Advances in spacecraft atmospheric entry guidance},
  author={Benito Manrique, Joel},
  year={2010},
  publisher={University of California, Irvine}
}

@article{GNC_Pinpoint,
  title={Guidance, navigation, and control system performance trades for Mars pinpoint landing},
  author={Steinfeldt, Bradley A and Grant, Michael J and Matz, Daniel A and Braun, Robert D and Barton, Gregg H},
  journal={Journal of Spacecraft and Rockets},
  volume={47},
  number={1},
  pages={188--198},
  year={2010}
}

@article{EDL_AllProp,
  title={Fully-propulsive Mars atmospheric transit strategies for high-mass missions},
  author={Marsh, Christopher L and Braun, Robert D},
  journal={Journal of Spacecraft and Rockets},
  volume={48},
  number={2},
  pages={271--282},
  year={2011}
}

@article{Mars_PPL,
  title={Design and optimization of navigation and guidance techniques for Mars pinpoint landing: Review and prospect},
  author={Yu, Zhengshi and Cui, Pingyuan and Crassidis, John L},
  journal={Progress in Aerospace Sciences},
  volume={94},
  pages={82--94},
  year={2017},
  publisher={Elsevier}
}

@article{Red_Dragon,
  title={Red dragon: Low-cost access to the surface of mars using commercial capabilities},
  author={Karcz, John and Davis, SM and Aftosmis, MJ and Allen, GA and Bakhtian, NM and Dyakonov, AA and Edquist, KT and Glass, BJ and Gonzales, AA and Heldmann, JL and others},
  year={2012}
}

@article{predictor_corrector_analysis,
  title={Analysis of predictive entry guidance for a Mars lander under high model uncertainties},
  author={Kozynchenko, Alexander I},
  journal={Acta Astronautica},
  volume={68},
  number={1-2},
  pages={121--132},
  year={2011},
  publisher={Elsevier}
}