@inproceedings{ecos,
  title={ECOS: An SOCP solver for embedded systems},
  author={Domahidi, Alexander and Chu, Eric and Boyd, Stephen},
  booktitle={Control Conference (ECC), 2013 European},
  pages={3071--3076},
  year={2013},
  organization={IEEE}
}

@book{BoydConvexBook,
  title={Convex optimization},
  author={Boyd, Stephen and Vandenberghe, Lieven},
  year={2004},
  publisher={Cambridge university press}
}


@article{ChebyPS,
  title={Direct trajectory optimization by a Chebyshev pseudospectral method},
  author={Fahroo, Fariba and Ross, I Michael},
  journal={Journal of Guidance, Control, and Dynamics},
  volume={25},
  number={1},
  pages={160--166},
  year={2002}
}

@inproceedings{WangConvexTraj,
  title={Constrained trajectory optimization for planetary entry via sequential convex programming},
  author={Wang, Zhenbo and Grant, Michael J},
  booktitle={AIAA Atmospheric Flight Mechanics Conference},
  pages={3241},
  year={2016}
}

@article{ConvexDescent,
  title={Convex programming approach to powered descent guidance for mars landing},
  author={Acikmese, Behcet and Ploen, Scott R},
  journal={Journal of Guidance, Control, and Dynamics},
  volume={30},
  number={5},
  pages={1353--1366},
  year={2007}
}

@article{PS_ConvexAscent,
  title={Efficient ascent trajectory optimization using convex models based on the Newton--Kantorovich/Pseudospectral approach},
  author={Cheng, Xiaoming and Li, Huifeng and Zhang, Ran},
  journal={Aerospace Science and Technology},
  volume={66},
  pages={140--151},
  year={2017},
  publisher={Elsevier}
}

@article{GPOPS2,
  title={GPOPS-II: A MATLAB software for solving multiple-phase optimal control problems using hp-adaptive Gaussian quadrature collocation methods and sparse nonlinear programming},
  author={Patterson, Michael A and Rao, Anil V},
  journal={ACM Transactions on Mathematical Software (TOMS)},
  volume={41},
  number={1},
  pages={1},
  year={2014},
  publisher={ACM}
}

@incollection{SeqconProg,
  title={Local convergence of sequential convex programming for nonconvex optimization},
  author={Dinh, Quoc Tran and Diehl, Moritz},
  booktitle={Recent Advances in Optimization and its Applications in Engineering},
  pages={93--102},
  year={2010},
  publisher={Springer}
}

@inproceedings{SuccConvex1,
  title={Successive convexification of non-convex optimal control problems and its convergence properties},
  author={Mao, Yuanqi and Szmuk, Michael and A{\c{c}}{\i}kme{\c{s}}e, Beh{\c{c}}et},
  booktitle={Decision and Control (CDC), 2016 IEEE 55th Conference on},
  pages={3636--3641},
  year={2016},
  organization={IEEE}
}

@article{SuccConvex2,
  title={Successive convexification of non-convex optimal control problems with state constraints},
  author={Mao, Yuanqi and Dueri, Daniel and Szmuk, Michael and A{\c{c}}{\i}kme{\c{s}}e, Beh{\c{c}}et},
  journal={IFAC-PapersOnLine},
  volume={50},
  number={1},
  pages={4063--4069},
  year={2017},
  publisher={Elsevier}
}

@inproceedings{GuangfeiReplanning,
  title={Trajectory tracking and online replanning for Mars entry},
  author={Duan, Guangfei and Rovira Navarro, Marc and Mease, Kenneth D},
  booktitle={AIAA/AAS Astrodynamics Specialist Conference},
  pages={5444},
  year={2016}
}

@inproceedings{ETPC,
  title={Guidance design for mars smart landers using the entry terminal point controller},
  author={Mendeck, Gavin and Carman, Gilbert},
  booktitle={AIAA Atmospheric Flight Mechanics Conference and Exhibit},
  pages={4502},
  year={2002}
}

@inproceedings{Apollo,
  title={Apollo-derived Mars precision lander guidance},
  author={Ives, Dallas and Geller, David and Carman, Gilbert},
  booktitle={23rd atmospheric flight mechanics conference},
  pages={4570},
  year={1998}
}

@article{MSL2006Striepe,
  title={Mars science laboratory simulations for entry, descent, and landing},
  author={Striepe, Scott A and Way, DW and Dwyer, AM and Balaram, J},
  journal={Journal of Spacecraft and Rockets},
  volume={43},
  number={2},
  pages={311--323},
  year={2006}
}

@inproceedings{MSL2007Way,
  title={Mars Science Laboratory: Entry, descent, and landing system performance},
  author={Way, David W and Powell, Richard W and Chen, Allen and Steltzner, Adam D and San Martin, A Miguel and Burkhart, P Daniel and Mendeck, Gavin F},
  booktitle={Aerospace Conference, 2007 IEEE},
  pages={1--19},
  year={2007},
  organization={IEEE}
}

@inproceedings{TriggerComparison2020,
  title={Comparison of the Effects of Velocity and Range Triggers on Trajectory Dispersions for the Mars 2020 Mission},
  author={Dutta, Soumyo and Way, David W},
  booktitle={AIAA Atmospheric Flight Mechanics Conference},
  pages={0245},
  year={2017}
}

@article{PredictorCorrectorTracking,
  title={Mars entry guidance based on segmented guidance predictor--corrector algorithm},
  author={Xia, Yuanqing and Shen, Ganghui and Zhou, Liuyu and Sun, Haoran},
  journal={Control Engineering Practice},
  volume={45},
  pages={79--85},
  year={2015},
  publisher={Elsevier}
}

@inproceedings{PredictorCorrectorTracking2,
  title={Entry guidance by onboard trajectory planning and tracking},
  author={Webb, Kyle D and Lu, Ping},
  booktitle={AIAA Atmospheric Flight Mechanics Conference},
  pages={0279},
  year={2016}
}

@article{PS_ConvexDescent,
  title={Pseudospectral Convex Optimization for Powered Descent and Landing},
  author={Sagliano, Marco},
  journal={Journal of Guidance, Control, and Dynamics},
  volume={41},
  number={2},
  pages={320--334},
  year={2017},
  publisher={American Institute of Aeronautics and Astronautics}
}

@inproceedings{HP_PS_ConvexDescent,
  title={Generalized hp Pseudospectral Convex Programming for Powered Descent and Landing},
  author={Sagliano, Marco},
  booktitle={2018 AIAA Guidance, Navigation, and Control Conference},
  pages={1870},
  year={2018}
}

@inproceedings{benito2008nonlinear,
  title={Nonlinear predictive controller for drag tracking in entry guidance},
  author={Benito, Joel and Mease, Kenneth},
  booktitle={AIAA/AAS Astrodynamics Specialist Conference and Exhibit},
  pages={7350},
  year={2008}
}

@article{lu2008predictor,
  title={Predictor-corrector entry guidance for low-lifting vehicles},
  author={Lu, Ping},
  journal={Journal of Guidance, Control, and Dynamics},
  volume={31},
  number={4},
  pages={1067--1075},
  year={2008}
}

@article{lu2014entry,
  title={Entry guidance: a unified method},
  author={Lu, Ping},
  journal={Journal of Guidance, Control, and Dynamics},
  volume={37},
  number={3},
  pages={713--728},
  year={2014},
  publisher={American Institute of Aeronautics and Astronautics}
}

@inproceedings{sagliano2018optimal,
  title={Optimal Drag-Energy Entry Guidance via Pseudospectral Convex Optimization},
  author={Sagliano, Marco and Mooij, Erwin},
  booktitle={2018 AIAA Guidance, Navigation, and Control Conference},
  pages={1315},
  year={2018}
}

@article{darby2011hp,
  title={An hp-adaptive pseudospectral method for solving optimal control problems},
  author={Darby, Christopher L and Hager, William W and Rao, Anil V},
  journal={Optimal Control Applications and Methods},
  volume={32},
  number={4},
  pages={476--502},
  year={2011},
  publisher={Wiley Online Library}
}

@article{MarsGRAM2010User,
  title={Mars Global Reference Atmospheric Model 2010 Version: Users Guide},
  author={Justh, HL},
  year={2014}
}

@article{MarsGRAM2010,
  title={Mars-GRAM 2010: improving the precision of Mars-GRAM},
  author={Justh, HL and Justus, CG and Ramey, HS},
  year={2011}
}

@inproceedings{wang2018convex,
  title={A Convex Approach to Minimum-Time Low-Thrust Trajectory Optimization},
  author={Wang, Zhenbo and Grant, Michael J},
  booktitle={2018 AIAA Guidance, Navigation, and Control Conference},
  pages={1577},
  year={2018}
}

@article{SparsePCE,
	title={A weighted â„“1-minimization approach for sparse polynomial chaos expansions},
	author={Peng, Ji and Hampton, Jerrad and Doostan, Alireza},
	journal={Journal of Computational Physics},
	volume={267},
	pages={92--111},
	year={2014},
	publisher={Elsevier}
}

@inproceedings{SVM,
	title={1-norm support vector machines},
	author={Zhu, Ji and Rosset, Saharon and Tibshirani, Robert and Hastie, Trevor J},
	booktitle={Advances in neural information processing systems},
	pages={49--56},
	year={2004}
}

@article{CompressedSensing,
	title={Bregman iterative algorithms for $\backslash$ell\_1-minimization with applications to compressed sensing},
	author={Yin, Wotao and Osher, Stanley and Goldfarb, Donald and Darbon, Jerome},
	journal={SIAM Journal on Imaging sciences},
	volume={1},
	number={1},
	pages={143--168},
	year={2008},
	publisher={SIAM}
}

@article{MaxCrossrangeConvexLu,
  title={Solving the maximum-crossrange problem via successive second-order cone programming with a line search},
  author={Liu, Xinfu and Shen, Zuojun and Lu, Ping},
  journal={Aerospace Science and Technology},
  volume={47},
  pages={10--20},
  year={2015},
  publisher={Elsevier}
}

@article{PropellantOptimalAdaptiveTrigger,
  title={Propellant-optimal powered descent guidance},
  author={Lu, Ping},
  journal={Journal of Guidance, Control, and Dynamics},
  volume={41},
  number={4},
  pages={813--826},
  year={2018},
  publisher={American Institute of Aeronautics and Astronautics}
}

@inproceedings{LuAdaptiveEDL,
  title={Adaptive powered descent initiation and fuel-optimal guidance for Mars applications},
  author={Lu, Ping and Sostaric, Ronald R and Mendeck, Gavin F},
  booktitle={2018 AIAA Guidance, Navigation, and Control Conference},
  pages={0616},
  year={2018}
}

@article{lu2018fuel,
  title={Fuel-Optimal and Apollo Powered Descent Guidance Compared for High-Mass Mars Mission},
  author={Lu, Ping},
  journal={Advances in the Astronautical Sciences},
  volume={164},
  pages={299--314},
  year={2018}
}

@article{MOSEK,
  title={The MOSEK optimization software},
  author={Mosek, APS},
  journal={Online at http://www. mosek. com},
  volume={54},
  number={2-1},
  pages={5},
  year={},
  }
  
@inproceedings{MSLReconstructionBraun,
  title={Mars entry, descent, and landing trajectory and atmosphere reconstruction},
  author={Dutta, Soumyo and Braun, Robert},
  booktitle={48th AIAA Aerospace Sciences Meeting Including the New Horizons Forum and Aerospace Exposition},
  pages={1210},
  year={2010}
}

@article{leavitt2007feasible,
  title={Feasible trajectory generation for atmospheric entry guidance},
  author={Leavitt, James A and Mease, Kenneth D},
  journal={Journal of guidance, control, and dynamics},
  volume={30},
  number={2},
  pages={473--481},
  year={2007}
}

@article{Mease2,
	title={Drag-based predictive tracking guidance for Mars precision landing},
	author={Tu, Kuang-Yang and Munir, Mohammad S and Mease, Kenneth D and Bayard, David S},
	journal={Journal of Guidance, Control, and Dynamics},
	volume={23},
	number={4},
	pages={620--628},
	year={2000}
}

@article{Mease1,
	title={Entry trajectory tracking law via feedback linearization},
	author={Bharadwaj, Sanjay and Rao, Anil V and Mease, Kenneth D},
	journal={Journal of Guidance, Control, and Dynamics},
	volume={21},
	number={5},
	pages={726--732},
	year={1998}
}

@article{RefTrajTracking,
	title={Mars atmospheric entry guidance for reference trajectory tracking},
	author={Dai, Juan and Xia, Yuanqing},
	journal={Aerospace Science and Technology},
	volume={45},
	pages={335--345},
	year={2015},
	publisher={Elsevier}
}

@article{jardin2001neighboring,
	title={Neighboring optimal aircraft guidance in winds},
	author={Jardin, Matthew R and Bryson, Arthur E},
	journal={Journal of Guidance, Control, and Dynamics},
	volume={24},
	number={4},
	pages={710--715},
	year={2001}
}

@book{bryson2018applied,
	title={Applied optimal control: optimization, estimation and control},
	author={Bryson, Arthur Earl},
	year={2018},
	publisher={Routledge}
}

@article{bryson1999dynamic,
	title={Dynamic optimization},
	author={Bryson, Arthur Earl},
	year={1999},
	publisher={Addison Wesley Longman Menlo Park, CA}
}

@inproceedings{HighElevation,
	title={Entry Trajectory Planner for High Elevation Mars Landing},
	author={Bombelli, A and Soler, L and Mease, K},
	booktitle={11th International Planetary Probe Workshop},
	volume={1795},
	year={2014}
}

@article{PCE_RS_CCOCP,
	title={The polynomial chaos approach for reachable set propagation with application to chance-constrained nonlinear optimal control under parametric uncertainties},
	author={Bergner, Lilli and Kirches, Christian},
	journal={Optimal Control Applications and Methods},
	volume={39},
	number={2},
	pages={471--488},
	year={2018},
	publisher={Wiley Online Library}
}

@article{darlington2000decreasing,
  title={Decreasing the sensitivity of open-loop optimal solutions in decision making under uncertainty},
  author={Darlington, John and Pantelides, Constantinos C and Rustem, Ber{\c{c}} and Tanyi, BA},
  journal={European Journal of Operational Research},
  volume={121},
  number={2},
  pages={343--362},
  year={2000},
  publisher={Elsevier}
}

@phdthesis{small2010optimal,
  title={Optimal trajectory-shaping with sensitivity and covariance techniques},
  author={Small, Todd Vincent},
  year={2010},
  school={Massachusetts Institute of Technology}
}

@phdthesis{saunders2012optimal,
  title={Optimal trajectory design under uncertainty},
  author={Saunders, Benjamin Robert},
  year={2012},
  school={Massachusetts Institute of Technology}
}

@article{fisher2011optimal,
  title={Optimal trajectory generation with probabilistic system uncertainty using polynomial chaos},
  author={Fisher, James and Bhattacharya, Raktim},
  journal={Journal of dynamic systems, measurement, and control},
  volume={133},
  number={1},
  pages={014501},
  year={2011},
  publisher={American Society of Mechanical Engineers}
}

@article{boutselis2017stochastic,
  title={Stochastic trajectory optimization for mechanical systems with parametric uncertainties},
  author={Boutselis, George I and Pan, Yunpeng and De La Tore, Gerardo and Theodorou, Evangelos A},
  journal={arXiv preprint arXiv:1705.05506},
  year={2017}
}

@article{manchester2017dirtrel,
  title={DIRTREL: Robust Trajectory Optimization with Ellipsoidal Disturbances and LQR Feedback},
  author={Manchester, Zachary and Kuindersma, Scott},
  journal={Robotics: Science and Systems (RSS), Cambridge, MA},
  year={2017}
}

@article{stoep1968trajectory,
  title={Trajectory shaping for the minimization of state-variable estimation errors},
  author={Stoep, DV},
  journal={IEEE Transactions on Automatic Control},
  volume={13},
  number={3},
  pages={284--286},
  year={1968},
  publisher={IEEE}
}

@article{loxton2011robust,
  title={Robust suboptimal control of nonlinear systems},
  author={Loxton, Ryan and Teo, Kok Lay and Rehbock, Volker},
  journal={Applied Mathematics and Computation},
  volume={217},
  number={14},
  pages={6566--6576},
  year={2011},
  publisher={Elsevier}
}

@article{seywald1996desensitized,
  title={Desensitized optimal trajectories},
  author={Seywald, Hans and Kumar, Renjith R},
  journal={Advances in the Astronautical Sciences},
  volume={93},
  number={1},
  pages={103--116},
  year={1996}
}

@article{topcuPoweredDescent,
  title={Minimum-fuel powered descent for mars pinpoint landing},
  author={Topcu, Ufuk and Casoliva, Jordi and Mease, Kenneth D},
  journal={Journal of Spacecraft and Rockets},
  volume={44},
  number={2},
  pages={324--331},
  year={2007}
}

@inproceedings{gfold_flighttests,
  title={Flight testing of trajectories computed by g-fold: Fuel optimal large divert guidance algorithm for planetary landing},
  author={Acikmese, Behcet and Aung, M and Casoliva, Jordi and Mohan, Swati and Johnson, Andrew and Scharf, Daniel and Masten, David and Scotkin, Joel and Wolf, Aron and Regehr, Martin W},
  booktitle={AAS/AIAA spaceflight mechanics meeting},
  year={2013}
}
@article{gfold,
  title={Convex programming approach to powered descent guidance for mars landing},
  author={Acikmese, Behcet and Ploen, Scott R},
  journal={Journal of Guidance, Control, and Dynamics},
  volume={30},
  number={5},
  pages={1353--1366},
  year={2007}
}

@article{apollo_lunar,
  title={Apollo lunar descent guidance},
  author={Klumpp, Allan R},
  journal={Automatica},
  volume={10},
  number={2},
  pages={133--146},
  year={1974},
  publisher={Elsevier}
}

@inproceedings{M2020_EDL,
  title={Mars 2020 Entry, Descent, and Landing System Overview},
  author={Nelessen, Adam and Sackier, Chloe and Clark, Ian and Brugarolas, Paul and Villar, Gregorio and Chen, Allen and Stehura, Aaron and Otero, Richard and Stilley, Erisa and Way, David and others},
  booktitle={2019 IEEE Aerospace Conference},
  pages={1--20},
  year={2019},
  organization={IEEE}
}

@article{MSL_EDL,
  title={The development of the MSL guidance, navigation, and control system for entry, descent, and landing},
  author={San Martin, A Miguel and Lee, Steven W and Wong, Edward C},
  year={2013},
  publisher={Pasadena, CA: Jet Propulsion Laboratory, National Aeronautics and Space~â€¦}
}

@inproceedings{BraunMarsEDL,
  title={Mars exploration entry, descent and landing challenges},
  author={Braun, Robert D and Manning, Robert M},
  booktitle={2006 IEEE Aerospace Conference},
  pages={18--pp},
  year={2006},
  organization={IEEE}
}

@book{joel_dissertation,
  title={Advances in spacecraft atmospheric entry guidance},
  author={Benito Manrique, Joel},
  year={2010},
  publisher={University of California, Irvine}
}

@article{GNC_Pinpoint,
  title={Guidance, navigation, and control system performance trades for Mars pinpoint landing},
  author={Steinfeldt, Bradley A and Grant, Michael J and Matz, Daniel A and Braun, Robert D and Barton, Gregg H},
  journal={Journal of Spacecraft and Rockets},
  volume={47},
  number={1},
  pages={188--198},
  year={2010}
}

@article{EDL_AllProp,
  title={Fully-propulsive Mars atmospheric transit strategies for high-mass missions},
  author={Marsh, Christopher L and Braun, Robert D},
  journal={Journal of Spacecraft and Rockets},
  volume={48},
  number={2},
  pages={271--282},
  year={2011}
}

@article{Mars_PPL,
  title={Design and optimization of navigation and guidance techniques for Mars pinpoint landing: Review and prospect},
  author={Yu, Zhengshi and Cui, Pingyuan and Crassidis, John L},
  journal={Progress in Aerospace Sciences},
  volume={94},
  pages={82--94},
  year={2017},
  publisher={Elsevier}
}

@article{Red_Dragon,
  title={Red dragon: Low-cost access to the surface of mars using commercial capabilities},
  author={Karcz, John and Davis, SM and Aftosmis, MJ and Allen, GA and Bakhtian, NM and Dyakonov, AA and Edquist, KT and Glass, BJ and Gonzales, AA and Heldmann, JL and others},
  year={2012}
}

@article{predictor_corrector_analysis,
  title={Analysis of predictive entry guidance for a Mars lander under high model uncertainties},
  author={Kozynchenko, Alexander I},
  journal={Acta Astronautica},
  volume={68},
  number={1-2},
  pages={121--132},
  year={2011},
  publisher={Elsevier}
}

@article{SRP_ControllableSets,
  title={Constrained reachability and controllability sets for planetary precision landing via convex optimization},
  author={Eren, Utku and Dueri, Daniel and A{\c{c}}{\i}kme{\c{s}}e, Beh{\c{c}}et},
  journal={Journal of Guidance, Control, and Dynamics},
  volume={38},
  number={11},
  pages={2067--2083},
  year={2015},
  publisher={American Institute of Aeronautics and Astronautics}
}

@phdthesis{GuangfeiDissertation,
  title={Entry Guidance and Navigation for High Elevation Mars Landing},
  author={Duan, Guangfei},
  year={2019},
  school={UC Irvine}
}

@inproceedings{duan2018mars,
  title={Mars Entry Guidance for High Elevation Landing with Uncertainty Quantification and Reduction},
  author={Duan, Guangfei and Mease, Kenneth D},
  booktitle={22nd AIAA International Space Planes and Hypersonics Systems and Technologies Conference},
  pages={5315},
  year={2018}
}

@inproceedings{MonteCarloFiltering,
  title={Global sensitivity analysis: an introduction},
  author={Saltelli, Andrea},
  booktitle={Proc. 4th International Conference on Sensitivity Analysis of Model Output (SAMOâ€™04)},
  pages={27--43},
  year={2004},
  organization={Citeseer}
}

@article{PowellsMethod,
  title={An efficient method for finding the minimum of a function of several variables without calculating derivatives},
  author={Powell, Michael JD},
  journal={The computer journal},
  volume={7},
  number={2},
  pages={155--162},
  year={1964},
  publisher={Oxford University Press}
}

@article{SRP_AAS_NOYES,
  title={High Ballistic Coefficient Mars EDL With Supersonic Retropropulsion},
  author={Noyes, Connor and Wolf, Aron and Benito, Joel},
  year={2017},
  publisher={Pasadena, CA: Jet Propulsion Laboratory, National Aeronautics and Space~â€¦}
}

@article{AltitudeUnderUncertainty,
  title={Terminal altitude maximization for Mars entry considering uncertainties},
  author={Cui, Pingyuan and Zhao, Zeduan and Yu, Zhengshi and Dai, Juan},
  journal={Acta Astronautica},
  volume={145},
  pages={446--455},
  year={2018},
  publisher={Elsevier}
}

@article{AltitudeOptimization,
  title={Mars atmospheric entry guidance for optimal terminal altitude},
  author={Long, Jiateng and Gao, Ai and Cui, Pingyuan and Liu, Yang},
  journal={Acta Astronautica},
  volume={155},
  pages={274--286},
  year={2019},
  publisher={Elsevier}
}

@inproceedings{EntryOUU,
  title={Robust trajectory design scheme under uncertainties and perturbations for Mars entry vehicle},
  author={Xu, Hongying and Cui, Hutao},
  booktitle={2015 IEEE International Conference on Computational Intelligence \& Communication Technology},
  pages={762--766},
  year={2015},
  organization={IEEE}
}

@article{AltitudeOptimizationIndirect,
  title={Indirect trajectory optimization for mars entry with maximum terminal altitude},
  author={Zheng, Yiyu and Cui, Hutao and Ai, Yuanhang},
  journal={Journal of Spacecraft and Rockets},
  volume={54},
  number={5},
  pages={1068--1080},
  year={2017},
  publisher={American Institute of Aeronautics and Astronautics}
}

@phdthesis{EntryOUUThesis2,
  title={Optimal trajectory design under uncertainty},
  author={Saunders, Benjamin Robert},
  year={2012},
  school={Massachusetts Institute of Technology}
}

@phdthesis{EntryOUUThesis1,
  title={Optimal trajectory-shaping with sensitivity and covariance techniques},
  author={Small, Todd Vincent},
  year={2010},
  school={Massachusetts Institute of Technology}
}

@inproceedings{TrajectoryDesensitization,
  title={Trajectory desensitization in optimal control problems},
  author={Makkapati, Venkata Ramana and Dor, Mehregan and Tsiotras, Panagiotis},
  booktitle={2018 IEEE Conference on Decision and Control (CDC)},
  pages={2478--2483},
  year={2018},
  organization={IEEE}
}

@article{Desensitized,
  title={Desensitized Optimal Trajectories},
  author={Seywald, Hans and Kumar, Renji},
  journal={Analytical Mechanics Associates Rept},
  pages={03--16},
  year={2003}
}
@inproceedings{DesensitizedOptimalControl,
  title={Desensitized optimal control},
  author={Seywald, Kevin and Seywald, Hans},
  booktitle={AIAA Scitech 2019 Forum},
  pages={0651},
  year={2019}
}
@article{MarsEntryDesensitized,
  title={Mars entry trajectory optimization using DOC and DCNLP},
  author={Li, Shuang and Peng, Yuming},
  journal={Advances in Space Research},
  volume={47},
  number={3},
  pages={440--452},
  year={2011},
  publisher={Elsevier}
}

@article{DesensitizeFuelOptimal,
  title={Desensitizing the minimum-fuel powered descent for Mars pinpoint landing},
  author={Shen, Haijun and Seywald, Hans and Powell, Richard W},
  journal={Journal of guidance, control, and dynamics},
  volume={33},
  number={1},
  pages={108--115},
  year={2010}
}

@inproceedings{DDP_ControlLimited,
  title={Control-limited differential dynamic programming},
  author={Tassa, Yuval and Mansard, Nicolas and Todorov, Emo},
  booktitle={2014 IEEE International Conference on Robotics and Automation (ICRA)},
  pages={1168--1175},
  year={2014},
  organization={IEEE}
}

@inproceedings{DDP_Stochastic,
  title={Stochastic differential dynamic programming},
  author={Theodorou, Evangelos and Tassa, Yuval and Todorov, Emo},
  booktitle={Proceedings of the 2010 American Control Conference},
  pages={1125--1132},
  year={2010},
  organization={IEEE}
}

@article{HDDP1,
  title={A hybrid differential dynamic programming algorithm for constrained optimal control problems. part 1: Theory},
  author={Lantoine, Gregory and Russell, Ryan P},
  journal={Journal of Optimization Theory and Applications},
  volume={154},
  number={2},
  pages={382--417},
  year={2012},
  publisher={Springer}
}
@article{HDDP2,
  title={A hybrid differential dynamic programming algorithm for constrained optimal control problems. part 2: Application},
  author={Lantoine, Gregory and Russell, Ryan P},
  journal={Journal of Optimization Theory and Applications},
  volume={154},
  number={2},
  pages={418--442},
  year={2012},
  publisher={Springer}
}

@article{ozaki_UT,
  title={Stochastic differential dynamic programming with unscented transform for low-thrust trajectory design},
  author={Ozaki, Naoya and Campagnola, Stefano and Funase, Ryu and Yam, Chit Hong},
  journal={Journal of Guidance, Control, and Dynamics},
  volume={41},
  number={2},
  pages={377--387},
  year={2018},
  publisher={American Institute of Aeronautics and Astronautics}
}

@article{ozaki2020tube,
  title={Tube Stochastic Optimal Control for Nonlinear Constrained Trajectory Optimization Problems},
  author={Ozaki, Naoya and Campagnola, Stefano and Funase, Ryu},
  journal={Journal of Guidance, Control, and Dynamics},
  volume={43},
  number={4},
  pages={645--655},
  year={2020},
  publisher={American Institute of Aeronautics and Astronautics}
}

@inproceedings{iLQG,
  title={A generalized iterative LQG method for locally-optimal feedback control of constrained nonlinear stochastic systems},
  author={Todorov, Emanuel and Li, Weiwei},
  booktitle={Proceedings of the 2005, American Control Conference, 2005.},
  pages={300--306},
  year={2005},
  organization={IEEE}
}

@article{DDP_InteriorPoint,
  title={Interior Point Differential Dynamic Programming},
  author={Pavlov, Andrei and Shames, Iman and Manzie, Chris},
  journal={arXiv preprint arXiv:2004.12710},
  year={2020}
}

@inproceedings{DDP_NonlinearConstraints,
  title={Differential dynamic programming with nonlinear constraints},
  author={Xie, Zhaoming and Liu, C Karen and Hauser, Kris},
  booktitle={2017 IEEE International Conference on Robotics and Automation (ICRA)},
  pages={695--702},
  year={2017},
  organization={IEEE}
}

@incollection{DDP2,
  title={Differential dynamic programming--a unified approach to the optimization of dynamic systems},
  author={Mayne, David Q},
  booktitle={Control and Dynamic Systems},
  volume={10},
  pages={179--254},
  year={1973},
  publisher={Elsevier}
}

@article{DDP,
  title={Differential dynamic programming},
  author={Jacobson, David H and Mayne, David Q},
  year={1970},
  publisher={North-Holland}
}

@inproceedings{UT1997,
  title={New extension of the Kalman filter to nonlinear systems},
  author={Julier, Simon J and Uhlmann, Jeffrey K},
  booktitle={Signal processing, sensor fusion, and target recognition VI},
  volume={3068},
  pages={182--193},
  year={1997},
  organization={International Society for Optics and Photonics}
}

@inproceedings{UT2002,
  title={Reduced sigma point filters for the propagation of means and covariances through nonlinear transformations},
  author={Julier, Simon J and Uhlmann, Jeffrey K},
  booktitle={Proceedings of the 2002 American Control Conference (IEEE Cat. No. CH37301)},
  volume={2},
  pages={887--892},
  year={2002},
  organization={IEEE}
}

@article{IntegratedEDL,
  title={Integrated guidance for Mars entry and powered descent using reinforcement learning and pseudospectral method},
  author={Jiang, Xiuqiang and Li, Shuang and Furfaro, Roberto},
  journal={Acta Astronautica},
  volume={163},
  pages={114--129},
  year={2019},
  publisher={Elsevier}
}

@inproceedings{FuelOptimalEndtoEnd,
  title={Fuel-Optimal Guidance for End-to-End Human-Mars Entry, Powered-Descent, and Landing Mission},
  author={Wan, Changhuang and Jing, Gangshan and Dai, Ran and Rea, Jeremy R},
  booktitle={AIAA Scitech 2020 Forum},
  pages={1472},
  year={2020}
}

@inproceedings{DDP_QN_LowThrust,
  title={Quasi-Newton Differential Dynamic Programming for Robust Low-Thrust Optimization},
  author={Pellegrini, Etienne and Russell, Ryan},
  booktitle={AIAA/AAS Astrodynamics Specialist Conference},
  pages={4425},
  year={2012}
}

@article{QNDDP,
  title={Optimal control for groundwater remediation by differential dynamic programming with quasi-Newton approximations},
  author={Culver, Teresa B and Shoemaker, Christine A},
  journal={Water Resources Research},
  volume={29},
  number={4},
  pages={823--831},
  year={1993},
  publisher={Wiley Online Library}
}

@inproceedings{UnscentedOptimalControl,
  title={Unscented optimal control for space flight},
  author={Ross, I Michael and Proulx, Ronald J and Karpenko, Mark},
  booktitle={24th International Symposium on Space Flight Dynamics (ISSFD)},
  pages={1--12},
  year={2014}
}

@article{MSL_EDL2,
  title={Entry guidance design and postflight performance for 2011 Mars Science Laboratory mission},
  author={Mendeck, Gavin F and Craig McGrew, Lynn},
  journal={Journal of Spacecraft and Rockets},
  volume={51},
  number={4},
  pages={1094--1105},
  year={2014},
  publisher={American Institute of Aeronautics and Astronautics}
}

@article{MSR2,
  title={Mars Sample Return Campaign Concept Architecture},
  author={Muirhead, Brian K and Nicholasa, Austin K and Edwardsa, Chad and Umlanda, Jeffrey and Vijendranb, Sanjay and Zureka, Richard}
}

@article{MSR,
  title={Mars sample return mission concept status},
  author={Muirhead, Brian K and Nicholas, Austin K and Umland, Jeffrey and Sutherland, Orson and Vijendran, Sanjay},
  journal={Acta Astronautica},
  year={2020},
  publisher={Elsevier}
}

@article{MSR3,
  title={Mars2020 and Mars Sample Return},
  author={Brown, Adrian J},
  journal={arXiv preprint arXiv:2012.08946},
  year={2020}
}

@inproceedings{EvolvableMars,
  title={Pioneering space through the evolvable Mars campaign},
  author={Craig, Douglas A and Troutman, Patrick and Herrmann, Nicole},
  booktitle={AIAA Space 2015 Conference and Exposition},
  pages={4409},
  year={2015}
}

@article{Joel_Reachable,
	title={Reachable and controllable sets for planetary entry and landing},
	author={Benito, Joel and Mease, Kenneth D},
	journal={Journal of guidance, control, and dynamics},
	volume={33},
	number={3},
	pages={641--654},
	year={2010}
}


@article{MarsWater,
	title={Columbus crater and other possible groundwater-fed paleolakes of Terra Sirenum, Mars},
	author={Wray, JJ and Milliken, RE and Dundas, Colin M and Swayze, Gregg A and Andrews-Hanna, JC and Baldridge, AM and Chojnacki, M and Bishop, JL and Ehlmann, BL and Murchie, Scott L and others},
	journal={Journal of Geophysical Research: Planets},
	volume={116},
	number={E1},
	year={2011},
	publisher={Wiley Online Library}
}

@article{VinhDyanmics,
	title={Hypersonic and planetary entry flight mechanics},
	author={Vinh, Nguyen X and Busemann, Adolf and Culp, Robert D},
	journal={NASA Sti/Recon Technical Report A},
	volume={81},
	pages={16245},
	year={1980}
}

@phdthesis{PhelpsUncertainOCP,
	title={Computational optimal control of nonlinear systems with parameter uncertainty},
	author={Phelps, Chris},
	year={2014},
	school={UC Santa Cruz}
}

@inproceedings{DDP:ContinuousTerminalConstraints,
	title={Continuous-time differential dynamic programming with terminal constraints},
	author={Sun, Wei and Theodorou, Evangelos A and Tsiotras, Panagiotis},
	booktitle={2014 IEEE Symposium on Adaptive Dynamic Programming and Reinforcement Learning (ADPRL)},
	pages={1--6},
	year={2014},
	organization={IEEE}
}
@article{Armijo,
  title={Minimization of functions having Lipschitz continuous first partial derivatives},
  author={Armijo, Larry},
  journal={Pacific Journal of mathematics},
  volume={16},
  number={1},
  pages={1--3},
  year={1966},
  publisher={Mathematical Sciences Publishers}
}

@book{Optimization:Nocedal,
  title={Numerical optimization},
  author={Nocedal, Jorge and Wright, Stephen},
  year={2006},
  publisher={Springer Science \& Business Media}
}

@article{MarsClimateDB,
  title={A climate database for Mars},
  author={Lewis, Stephen R and Collins, Matthew and Read, Peter L and Forget, Fran{\c{c}}ois and Hourdin, Fr{\'e}d{\'e}ric and Fournier, Richard and Hourdin, Christophe and Talagrand, Olivier and Huot, Jean-Paul},
  journal={Journal of Geophysical Research: Planets},
  volume={104},
  number={E10},
  pages={24177--24194},
  year={1999},
  publisher={Wiley Online Library}
}

@article{DynamicProgramBellman,
	title={Dynamic programming and Lagrange multipliers},
	author={Bellman, Richard},
	journal={Proceedings of the National Academy of Sciences of the United States of America},
	volume={42},
	number={10},
	pages={767},
	year={1956},
	publisher={National Academy of Sciences}
}

@article{NoyesHighBCSRP,
  title={High Ballistic Coefficient Mars EDL With Supersonic Retropropulsion},
  author={Noyes, Connor and Wolf, Aron and Benito, Joel},
  year={2017},
  publisher={Pasadena, CA: Jet Propulsion Laboratory, National Aeronautics and Space Administration}
}
@inproceedings{NoyesSRP,
	title={Entry Guidance for Propellant Optimal Powered Descent Ignition on Mars},
	author={Noyes, Connor and Mease, Ken},
	booktitle={AIAA/AAS Astrodynamics Specialist Conference},
	year={2020},
	organization={AAS}
}
@article{Noyes2017MAVSensitivity,
  title={Sensitivity Analysis and Uncertainty Quantification of a Mars Ascent Vehicle Concept},
  author={Noyes, Connor and Benito, Joel and Peterson, Lee D},
  year={2017},
  publisher={Pasadena, CA: Jet Propulsion Laboratory, National Aeronautics and Space Administration}
}
@inproceedings{JoelMavSim,
  title={Mars Ascent Vehicle Model Simulation},
  author={Benito, Joel and Noyes, Connor and Keenan, Justin},
  booktitle={AIAA/AAS Astrodynamics Specialist Conference},
  pages={5440},
  year={2016}
}
@inproceedings{JoelMAVAnalysis,
  title={Hybrid propulsion Mars Ascent Vehicle concept flight performance analysis},
  author={Benito, Joel and Noyes, Connor and Shotwell, Robert and Karp, Ashley and Nakazono, Barry and Singh, Gurkirpal and Kim, Hunjoo and Schoenenberger, Mark and Korzun, Ashley and Lobbia, Marcus and others},
  booktitle={2017 IEEE Aerospace Conference},
  pages={1--13},
  year={2017},
  organization={IEEE}
}
@article{EntryPredictCorrect,
	title={Entry guidance: a unified method},
	author={Lu, Ping},
	journal={Journal of Guidance, Control, and Dynamics},
	volume={37},
	number={3},
	pages={713--728},
	year={2014},
	publisher={American Institute of Aeronautics and Astronautics}
}

@inproceedings{JoelController,
	title={Nonlinear predictive controller for drag tracking in entry guidance},
	author={Benito, Joel and Mease, Kenneth},
	booktitle={AIAA/AAS Astrodynamics Specialist Conference and Exhibit},
	pages={7350},
	year={2008}
}

@article{ConvexEntryGuidance,
	title={Autonomous entry guidance for hypersonic vehicles by convex optimization},
	author={Wang, Zhenbo and Grant, Michael J},
	journal={Journal of Spacecraft and Rockets},
	volume={55},
	number={4},
	pages={993--1006},
	year={2018},
	publisher={American Institute of Aeronautics and Astronautics}
}

@inproceedings{PinpointWolf,
  title={Performance trades for Mars pinpoint landing},
  author={Wolf, Aron A and Tooley, Jeff and Ploen, Scott and Ivanov, Mark and Acikmese, Behcet and Gromov, Konstantin},
  booktitle={2006 IEEE Aerospace Conference},
  pages={16--pp},
  year={2006},
  organization={IEEE}
}

@inproceedings{LQR_EntryGuidance,
  title={Profile-following entry guidance using linear quadratic regulator theory},
  author={Dukeman, Greg},
  booktitle={AIAA guidance, navigation, and control conference and exhibit},
  pages={4457},
  year={2002}
}

@article{PoweredDescentBehcet,
  title={Convex programming approach to powered descent guidance for mars landing},
  author={Acikmese, Behcet and Ploen, Scott R},
  journal={Journal of Guidance, Control, and Dynamics},
  volume={30},
  number={5},
  pages={1353--1366},
  year={2007}
}

@article{PoweredDescentUCI,
  title={Minimum-fuel powered descent for mars pinpoint landing},
  author={Topcu, Ufuk and Casoliva, Jordi and Mease, Kenneth D},
  journal={Journal of Spacecraft and Rockets},
  volume={44},
  number={2},
  pages={324--331},
  year={2007}
}
@article{PinpointLandingProspects,
  title={Design and optimization of navigation and guidance techniques for Mars pinpoint landing: Review and prospect},
  author={Yu, Zhengshi and Cui, Pingyuan and Crassidis, John L},
  journal={Progress in Aerospace Sciences},
  volume={94},
  pages={82--94},
  year={2017},
  publisher={Elsevier}
}
@article{GFOLD1,
  title={G-fold: A real-time implementable fuel optimal large divert guidance algorithm for planetary pinpoint landing},
  author={Acikmese, B and Casoliva, J and Carson, JM and Blackmore, L},
  journal={Concepts and Approaches for Mars Exploration},
  volume={1679},
  pages={4193},
  year={2012}
}
@inproceedings{GFOLDTest,
  title={Flight testing of trajectories computed by g-fold: Fuel optimal large divert guidance algorithm for planetary landing},
  author={Acikmese, Behcet and Aung, M and Casoliva, Jordi and Mohan, Swati and Johnson, Andrew and Scharf, Daniel and Masten, David and Scotkin, Joel and Wolf, Aron and Regehr, Martin W},
  booktitle={AAS/AIAA spaceflight mechanics meeting},
  year={2013}
}

@article{RobustOptimalControl,
  title={Robust suboptimal control of nonlinear systems},
  author={Loxton, Ryan and Teo, Kok Lay and Rehbock, Volker},
  journal={Applied Mathematics and Computation},
  volume={217},
  number={14},
  pages={6566--6576},
  year={2011},
  publisher={Elsevier}
}
@article{RossRSOCP,
  title={Riemann--stieltjes optimal control problems for uncertain dynamic systems},
  author={Ross, I Michael and Proulx, Ronald J and Karpenko, Mark and Gong, Qi},
  journal={Journal of Guidance, Control, and Dynamics},
  volume={38},
  number={7},
  pages={1251--1263},
  year={2015},
  publisher={American Institute of Aeronautics and Astronautics}
}

@article{SmoothSaturationSqrt,
  title={Boundary value problem for ordinary differential equations with applications to optimal control},
  author={Avvakumov, SN and KISELEV, YUN},
  journal={SAT (s, $\nu$)},
  volume={1},
  pages={2},
  year={2000}
}

@article{FeedbackLinearization,
  title={Entry trajectory tracking law via feedback linearization},
  author={Bharadwaj, Sanjay and Rao, Anil V and Mease, Kenneth D},
  journal={Journal of Guidance, Control, and Dynamics},
  volume={21},
  number={5},
  pages={726--732},
  year={1998}
}

@inproceedings{SlidingModeObserver,
  title={Sliding mode observer for drag tracking in entry guidance},
  author={Talole, Sanjay and Benito, Joel and Mease, Kenneth},
  booktitle={AIAA Guidance, Navigation and Control Conference and Exhibit},
  pages={6851},
  year={2007}
}

@article{SlidingModeEG1,
  title={Mars atmospheric entry guidance for reference trajectory tracking},
  author={Dai, Juan and Xia, Yuanqing},
  journal={Aerospace Science and Technology},
  volume={45},
  pages={335--345},
  year={2015},
  publisher={Elsevier}
}

@article{NMPC,
  title={Constrained tracking control of nonlinear systems},
  author={Lu, Ping},
  journal={Systems \& control letters},
  volume={27},
  number={5},
  pages={305--314},
  year={1996},
  publisher={Elsevier}
}

@article{MyRobustOCPaper,
  title={Mars Entry Guidance for High Elevation Landing via Robust Optimal Control},
  author={Noyes, Connor D and Mease, Kenneth D},
  journal={Journal of Spacecraft and Rockets},
  year={2021 (submitted for review)}
}

@inproceedings{Mars2020edl,
  title={EDL Simulation Results for the Mars 2020 Landing Site Safety Assessment},
  author={Way, David and Dutta, Soumyo and Zumwalt, Carlie and De Le{\'o}n, Samalis Santini},
  booktitle={2020 IEEE Aerospace Conference},
  pages={1--5},
  year={2020},
  organization={IEEE}
}