@inproceedings{ecos,
  title={ECOS: An SOCP solver for embedded systems},
  author={Domahidi, Alexander and Chu, Eric and Boyd, Stephen},
  booktitle={Control Conference (ECC), 2013 European},
  pages={3071--3076},
  year={2013},
  organization={IEEE}
}

@book{BoydConvexBook,
  title={Convex optimization},
  author={Boyd, Stephen and Vandenberghe, Lieven},
  year={2004},
  publisher={Cambridge university press}
}


@article{ChebyPS,
  title={Direct trajectory optimization by a Chebyshev pseudospectral method},
  author={Fahroo, Fariba and Ross, I Michael},
  journal={Journal of Guidance, Control, and Dynamics},
  volume={25},
  number={1},
  pages={160--166},
  year={2002}
}

@inproceedings{WangConvexTraj,
  title={Constrained trajectory optimization for planetary entry via sequential convex programming},
  author={Wang, Zhenbo and Grant, Michael J},
  booktitle={AIAA Atmospheric Flight Mechanics Conference},
  pages={3241},
  year={2016}
}

@article{ConvexDescent,
  title={Convex programming approach to powered descent guidance for mars landing},
  author={Acikmese, Behcet and Ploen, Scott R},
  journal={Journal of Guidance, Control, and Dynamics},
  volume={30},
  number={5},
  pages={1353--1366},
  year={2007}
}

@article{PS_ConvexAscent,
  title={Efficient ascent trajectory optimization using convex models based on the Newton--Kantorovich/Pseudospectral approach},
  author={Cheng, Xiaoming and Li, Huifeng and Zhang, Ran},
  journal={Aerospace Science and Technology},
  volume={66},
  pages={140--151},
  year={2017},
  publisher={Elsevier}
}

@article{GPOPS2,
  title={GPOPS-II: A MATLAB software for solving multiple-phase optimal control problems using hp-adaptive Gaussian quadrature collocation methods and sparse nonlinear programming},
  author={Patterson, Michael A and Rao, Anil V},
  journal={ACM Transactions on Mathematical Software (TOMS)},
  volume={41},
  number={1},
  pages={1},
  year={2014},
  publisher={ACM}
}

@incollection{SeqconProg,
  title={Local convergence of sequential convex programming for nonconvex optimization},
  author={Dinh, Quoc Tran and Diehl, Moritz},
  booktitle={Recent Advances in Optimization and its Applications in Engineering},
  pages={93--102},
  year={2010},
  publisher={Springer}
}

@inproceedings{SuccConvex1,
  title={Successive convexification of non-convex optimal control problems and its convergence properties},
  author={Mao, Yuanqi and Szmuk, Michael and A{\c{c}}{\i}kme{\c{s}}e, Beh{\c{c}}et},
  booktitle={Decision and Control (CDC), 2016 IEEE 55th Conference on},
  pages={3636--3641},
  year={2016},
  organization={IEEE}
}

@article{SuccConvex2,
  title={Successive convexification of non-convex optimal control problems with state constraints},
  author={Mao, Yuanqi and Dueri, Daniel and Szmuk, Michael and A{\c{c}}{\i}kme{\c{s}}e, Beh{\c{c}}et},
  journal={IFAC-PapersOnLine},
  volume={50},
  number={1},
  pages={4063--4069},
  year={2017},
  publisher={Elsevier}
}

@inproceedings{GuangfeiReplanning,
  title={Trajectory tracking and online replanning for Mars entry},
  author={Duan, Guangfei and Rovira Navarro, Marc and Mease, Kenneth D},
  booktitle={AIAA/AAS Astrodynamics Specialist Conference},
  pages={5444},
  year={2016}
}

@inproceedings{ETPC,
  title={Guidance design for mars smart landers using the entry terminal point controller},
  author={Mendeck, Gavin and Carman, Gilbert},
  booktitle={AIAA Atmospheric Flight Mechanics Conference and Exhibit},
  pages={4502},
  year={2002}
}

@article{MSL2006Striepe,
  title={Mars science laboratory simulations for entry, descent, and landing},
  author={Striepe, Scott A and Way, DW and Dwyer, AM and Balaram, J},
  journal={Journal of Spacecraft and Rockets},
  volume={43},
  number={2},
  pages={311--323},
  year={2006}
}

@inproceedings{MSL2007Way,
  title={Mars Science Laboratory: Entry, descent, and landing system performance},
  author={Way, David W and Powell, Richard W and Chen, Allen and Steltzner, Adam D and San Martin, A Miguel and Burkhart, P Daniel and Mendeck, Gavin F},
  booktitle={Aerospace Conference, 2007 IEEE},
  pages={1--19},
  year={2007},
  organization={IEEE}
}

@inproceedings{TriggerComparison2020,
  title={Comparison of the Effects of Velocity and Range Triggers on Trajectory Dispersions for the Mars 2020 Mission},
  author={Dutta, Soumyo and Way, David W},
  booktitle={AIAA Atmospheric Flight Mechanics Conference},
  pages={0245},
  year={2017}
}

@article{PredictorCorrectorTracking,
  title={Mars entry guidance based on segmented guidance predictor--corrector algorithm},
  author={Xia, Yuanqing and Shen, Ganghui and Zhou, Liuyu and Sun, Haoran},
  journal={Control Engineering Practice},
  volume={45},
  pages={79--85},
  year={2015},
  publisher={Elsevier}
}

@inproceedings{PredictorCorrectorTracking2,
  title={Entry guidance by onboard trajectory planning and tracking},
  author={Webb, Kyle D and Lu, Ping},
  booktitle={AIAA Atmospheric Flight Mechanics Conference},
  pages={0279},
  year={2016}
}

@article{PS_ConvexDescent,
  title={Pseudospectral Convex Optimization for Powered Descent and Landing},
  author={Sagliano, Marco},
  journal={Journal of Guidance, Control, and Dynamics},
  volume={41},
  number={2},
  pages={320--334},
  year={2017},
  publisher={American Institute of Aeronautics and Astronautics}
}

@inproceedings{HP_PS_ConvexDescent,
  title={Generalized hp Pseudospectral Convex Programming for Powered Descent and Landing},
  author={Sagliano, Marco},
  booktitle={2018 AIAA Guidance, Navigation, and Control Conference},
  pages={1870},
  year={2018}
}

@inproceedings{benito2008nonlinear,
  title={Nonlinear predictive controller for drag tracking in entry guidance},
  author={Benito, Joel and Mease, Kenneth},
  booktitle={AIAA/AAS Astrodynamics Specialist Conference and Exhibit},
  pages={7350},
  year={2008}
}

@article{lu2008predictor,
  title={Predictor-corrector entry guidance for low-lifting vehicles},
  author={Lu, Ping},
  journal={Journal of Guidance, Control, and Dynamics},
  volume={31},
  number={4},
  pages={1067--1075},
  year={2008}
}

@article{lu2014entry,
  title={Entry guidance: a unified method},
  author={Lu, Ping},
  journal={Journal of Guidance, Control, and Dynamics},
  volume={37},
  number={3},
  pages={713--728},
  year={2014},
  publisher={American Institute of Aeronautics and Astronautics}
}

@inproceedings{sagliano2018optimal,
  title={Optimal Drag-Energy Entry Guidance via Pseudospectral Convex Optimization},
  author={Sagliano, Marco and Mooij, Erwin},
  booktitle={2018 AIAA Guidance, Navigation, and Control Conference},
  pages={1315},
  year={2018}
}

@article{darby2011hp,
  title={An hp-adaptive pseudospectral method for solving optimal control problems},
  author={Darby, Christopher L and Hager, William W and Rao, Anil V},
  journal={Optimal Control Applications and Methods},
  volume={32},
  number={4},
  pages={476--502},
  year={2011},
  publisher={Wiley Online Library}
}

@article{MarsGRAM2010User,
  title={Mars Global Reference Atmospheric Model 2010 Version: Users Guide},
  author={Justh, HL},
  year={2014}
}

@article{MarsGRAM2010,
  title={Mars-GRAM 2010: improving the precision of Mars-GRAM},
  author={Justh, HL and Justus, CG and Ramey, HS},
  year={2011}
}

@inproceedings{wang2018convex,
  title={A Convex Approach to Minimum-Time Low-Thrust Trajectory Optimization},
  author={Wang, Zhenbo and Grant, Michael J},
  booktitle={2018 AIAA Guidance, Navigation, and Control Conference},
  pages={1577},
  year={2018}
}

@article{SparsePCE,
	title={A weighted â„“1-minimization approach for sparse polynomial chaos expansions},
	author={Peng, Ji and Hampton, Jerrad and Doostan, Alireza},
	journal={Journal of Computational Physics},
	volume={267},
	pages={92--111},
	year={2014},
	publisher={Elsevier}
}

@inproceedings{SVM,
	title={1-norm support vector machines},
	author={Zhu, Ji and Rosset, Saharon and Tibshirani, Robert and Hastie, Trevor J},
	booktitle={Advances in neural information processing systems},
	pages={49--56},
	year={2004}
}

@article{CompressedSensing,
	title={Bregman iterative algorithms for $\backslash$ell\_1-minimization with applications to compressed sensing},
	author={Yin, Wotao and Osher, Stanley and Goldfarb, Donald and Darbon, Jerome},
	journal={SIAM Journal on Imaging sciences},
	volume={1},
	number={1},
	pages={143--168},
	year={2008},
	publisher={SIAM}
}